@INPROCEEDINGS{RossiniPaper1,
  author={Rossini, Martina and Zichichi, Mirco and Ferretti, Stefano},
  booktitle={2023 IEEE International Conference on Pervasive Computing and Communications Workshops and other Affiliated Events (PerCom Workshops)}, 
  title={On the Use of Deep Neural Networks for Security Vulnerabilities Detection in Smart Contracts}, 
  year={2023},
  volume={},
  number={},
  pages={74-79},
  keywords={Deep learning;Codes;Conferences;Source coding;Smart contracts;Neural networks;Computer architecture;smart contract;code vulnerability;blockchain;deep learning;convolutional neural networks},
  doi={10.1109/PerComWorkshops56833.2023.10150302}}
